<?xml version="1.0" encoding="UTF-8"?><collection xmlns="http://www.loc.gov/MARC21/slim"><record><leader>00439nam--2200145-i-4500</leader><controlfield tag="001">000003743</controlfield><controlfield tag="002">20161230</controlfield><controlfield tag="005">20170118180810</controlfield><controlfield tag="008">060222s1000------------r-----000-0-eng-d</controlfield><datafield ind1=" " ind2=" " tag="100"><subfield code="a">Danjon, Andre</subfield></datafield><datafield ind1=" " ind2=" " tag="245"><subfield code="a">Tables de fontions trigonometriques valeurs naturelles a 6 decimales de centieme en centieme du degre nouagesimal</subfield></datafield><datafield ind1=" " ind2=" " tag="260"><subfield code="a">Paris</subfield><subfield code="b">Librairie Hachette</subfield></datafield><datafield ind1=" " ind2=" " tag="490"><subfield code="a">126p.+ 1 Pl</subfield></datafield><datafield ind1=" " ind2=" " tag="500"><subfield code="a">/1048</subfield></datafield><datafield ind1=" " ind2=" " tag="CAT"><subfield code="a">SYS</subfield><subfield code="c">20170118</subfield><subfield code="h">180810</subfield></datafield></record></collection>